# This file contains Tommi A Pirinen's master bibtex reference database
# Use google scholar citation names (authoryeartitle), sort alphabetically
# or ACL anthology citation names (author-etal-year-title)
# Some conference proceedings can be crossrefed to key conferenceyear.
# Some software can be crossrefed to by name or nameyear.

@inproceedings{agata2002typographical,
    author = {Savary, Agata},
    title = {Typographical Nearest-Neighbor Search in a Finite-State Lexicon and Its Application to Spelling Correction},
    booktitle = {CIAA '01: Revised Papers from the 6th International Conference on Implementation and Application of Automata},
    year = {2002},
    isbn = {3-540-00400-9},
    pages = {251--260},
    publisher = {Springer-Verlag},
    address = {London, UK},
    flammie = {spell-checking},
}

@article{aho1975efficient,
  title={Efficient string matching: an aid to bibliographic search},
  author={Aho, A.V. and Corasick, M.J.},
  journal={Communications of the ACM},
  volume={18},
  number={6},
  pages={333--340},
  year={1975},
  publisher={ACM},
  flammie = {fsa},
}

@book{aho2007compilers,
  title={Compilers: principles, techniques, and tools},
  author={Aho, A.V. and Lam, M.S. and Sethi, R. and Ullman, J.D.},
  volume={1009},
  year={2007},
  edition={second},
  publisher={Pearson/Addison Wesley},
  flammie = {fsa},
}

@book{ahtia1938karjalan,
  title={Karjalan kielioppi},
  author={Ahtia, Edvard Vilhelm},
  year={1938},
  publisher={Karjalan Kansalaisseura}
}

@article{al2006learning,
  title={Learning to Find Context Based Spelling Errors},
  author={Al-Mubaid, H. and Truemper, K.},
  journal={Data Mining and Knowledge Discovery Approaches Based on Rule Induction Techniques},
  pages={597--627},
  year={2006},
  publisher={Springer},
  flammie = {spell-checking},
}

@inproceedings{allauzen2007openfst,
    author = {Cyril Allauzen and Michael Riley and Johan Schalkwyk and Wojciech Skut and Mehryar Mohri},
    year = {2007},
    title = {Open{F}st: A General and Efficient Weighted Finite-State Transducer Library},
    crossref = {ciaa2007},
    pages = {11--23},
    url = {http://www.openfst.org},
}
@Article{apertium,
    crossref = {forcada2010apertium},
}

@incollection{alnajjar2021when,
    title = "When Word Embeddings Become Endangered",
    author = "Khalid Alnajjar",
    year = "2021",
    month = mar,
    doi = "10.31885/9789515150257",
    language = "English",
    pages = "275--288",
    editor = "Mika H{\"a}m{\"a}l{\"a}inen and Niko Partanen and Khalid Alnajjar",
    booktitle = "Multilingual Facilitation",
    publisher = "Rootroo Ltd",
    address = "Finland",
}

@article{alnajjar2020automated,
  title={Automated Prediction of Medieval {A}rabic Diacritics},
  author={Alnajjar, Khalid and H{\"a}m{\"a}l{\"a}inen, Mika and Partanen, Niko and Rueter, Jack},
  journal={arXiv preprint arXiv:2010.05269},
  year={2020}
}

@inproceedings{antonsen2011next,
  title={Next to nothing--a cheap South Saami disambiguator},
  author={Antonsen, Lene and Trosterud, Trond},
  booktitle={Proceedings of the NODALIDA 2011 Workshop Constraint Grammar Applications},
  pages={1--7},
  year={2011}
}

@article{antonsen2013callinmeattahusaid,
  title={C{\'a}llinmeatt{\'a}husaid guorran.},
  note={[{E}nglish summary: Tracking misspellings.]},
  author={Antonsen, Lene},
  journal={University of Troms{\o}},
  year={2013}
}

@article{attia2013improved,
author    = {Attia, Mohammed  and  Pecina, Pavel  and  Samih, Younes  and  Shaalan, Khaled  and  van Genabith, Josef},
  title     = {Improved Spelling Error Detection and Correction for {A}rabic},
  booktitle = {Proceedings of COLING 2012: Posters},
  month     = {December},
  year      = {2012},
  address   = {Mumbai, India},
  publisher = {The COLING 2012 Organizing Committee},
  pages     = {103--112},
  url       = {http://www.aclweb.org/anthology/C12-2011},
  flammie = {spell-checking},
}

@inproceedings{baba2012spelling,
  author    = {Baba, Yukino  and  Suzuki, Hisami},
  title     = {How Are Spelling Errors Generated and Corrected? A Study of
      Corrected and Uncorrected Spelling Errors Using Keystroke Logs},
  booktitle = {Proceedings of the 50th Annual Meeting of the Association for
      Computational Linguistics (Volume 2: Short Papers)},
  month     = {July},
  year      = {2012},
  address   = {Jeju Island, Korea},
  publisher = {Association for Computational Linguistics},
  pages     = {373--377},
  url       = {http://www.aclweb.org/anthology/P12-2073},
  flammie = {spell-checking},
}

@article{beesley2003computational,
  title={{C}omputational {M}orphology and {F}inite-State {M}ethods},
  author={Beesley, Kenneth R},
  journal={NATO SCIENCE SERIES SUB SERIES III COMPUTER AND SYSTEMS SCIENCES},
  volume={188},
  pages={61--100},
  year={2003},
  publisher={IOS PRESS}
}


@book{beesley2003finite,
    title = {Finite State Morphology},
    year = {2003},
    author = {Kenneth R Beesley and Lauri Karttunen},
    pages = {503},
    publisher = {CSLI publications},
    isbn = {978-1575864341},
    flammie = {fsa},
}



@proceedings{baltichlt2,
    title = {Proceedings of the Second Baltic Conference on Human Language Technologies},
}

@inproceedings{beesley1998constraining,
    author = {Beesley, Kenneth R.},
    title = {Constraining separated morphotactic dependencies in finite-state grammars},
    year = {1998},
    isbn = {975-7679-34-8},
    pages = {118--127},
    location = {Ankara, Turkey},
    publisher = {Association for Computational Linguistics},
    address = {Morristown, NJ, USA},
}

@inproceedings{beesley2004morphological,
  title={Morphological analysis and generation: A first step in natural language processing},
  author={Beesley, K.R.},
  booktitle={First Steps in Language Documentation for Minority Languages:
      Computational Linguistic Tools for Morphology, Lexicon and Corpus
        Compilation, Proceedings of the SALTMIL Workshop at LREC},
  pages={1--8},
  year={2004},
}

@inproceedings{beesley2012kleene,
    title = {Kleene, A Free and Open-Source Language for Finite-State Programming},
    author = {Kenneth R. Beesley},
    year = {2012},
    booktitle = {FSMNLP 2012},
    crossref = {fsmnlp2012},
    pages = {55-59},
}

@mastersthesis{bhagat2007spelling,
    author = {Meenu Bhagat},
    title = {Spelling Error Pattern Analysis of Punjabi Typed Text},
    school = {Thapar University},
    location = {Patiala, India},
    year = {2007},
    pages = {48},
    url = {http://hdl.handle.net/123456789/247},
    flammie = {spell-checking},
}

@inproceedings{bick2015danproof,
   author = {Eckhard Bick},
   title = {{DanProof}: Pedagogical Spell and Grammar Checking for {Danish}},
   editor = {Galia Angelova and Kalina Bontcheva and Ruslan Mitkov},
   address = {Hissar, Bulgaria},
   publisher = {INCOMA Ltd.},
   booktitle = {Proceedings of the 10th International Conference Recent
       Advances in Natural Language Processing (RANLP 2015)},
   year = {2015},
   pages = {55--62},
}


@phdthesis{bigert2005automatic,
    author = {Johnny Bigert},
    year = {2005},
    title = {Automatic and unsupervised methods in natural language processing},
    school = {Royal institute of technolog (KTH)},
  flammie = {spell-checking},
}

@Inproceedings{bigert2003autoeval,
    Address = {Reykjavik, Iceland},
    Author = {Johnny Bigert and Linus Ericson and Antoine Solis},
    Booktitle = {Nodalida 2003},
    Crossref = {nodalida2003},
    Title = {AutoEval and Missplel: Two Generic Tools for Automatic Evaluation},
    Year = {2003},
  flammie = {spell-checking},
}

@inproceedings{blokland2015language,
  title={Language documentation meets language technology},
  author={Blokland, Rogier and Fedina, Marina and Gerstenberger, Ciprian and
      Partanen, Niko and Rie{\ss}ler, Michael and Wilbur, Joshua},
  booktitle={Septentrio Conference Series},
  number={2},
  pages={8--18},
  year={2015}
}


@InProceedings{bojar-EtAl:2019:WMT2,
  author    = {Bojar, Ond\v{r}ej  and  Federmann, Christian  and  Fishel, Mark  and  Graham, Yvette  and  Haddow, Bar
ry  and  Huck, Matthias  and
+Koehn, Philipp  and  Monz, Christof  and  M{\"u}ller, Mathias  and  Post, Matt},
  title     = {Findings of the 2019 Conference on Machine Translation (WMT19)},
  booktitle = {Proceedings of the Fourth Conference on Machine Translation, Volume 2: Shared Task Papers},
  month     = {August},
  year      = {2019},
  address   = {Florence, Italy},
  publisher = {Association for Computational Linguistics}
}


@inproceedings{brants2007large,
author    = {Brants, Thorsten  and  Popat, Ashok C.  and  Xu, Peng  and  Och,
    Franz J.  and  Dean, Jeffrey},
  title     = {Large Language Models in Machine Translation},
  booktitle = {Proceedings of the 2007 Joint Conference on Empirical Methods in
      Natural Language Processing and Computational Natural Language Learning
        (EMNLP-CoNLL)},
  month     = {June},
  year      = {2007},
  address   = {Prague, Czech Republic},
  publisher = {Association for Computational Linguistics},
  pages     = {858--867},
  url       = {http://www.aclweb.org/anthology/D/D07/D07-1090},
}

@inProceedings{bretonnel2018three,
  author = {K. Bretonnel Cohen and Jingbo Xia and Pierre Zweigenbaum and
      Tiffany Callahan and Orin Hargraves and Foster Goss and Nancy Ide and
        Aurélie Névéol and Cyril Grouin and Lawrence E. Hunter},
  title = {Three Dimensions of Reproducibility in Natural Language Processing},
  booktitle = {Proceedings of the Eleventh International Conference on Language
      Resources and Evaluation (LREC 2018)},
  year = {2018},
  month = {May 7-12, 2018},
  address = {Miyazaki, Japan},
  editor = {Nicoletta Calzolari (Conference chair) and Khalid Choukri and
      Christopher Cieri and Thierry Declerck and Sara Goggi and Koiti Hasida
        and Hitoshi Isahara and Bente Maegaard and Joseph Mariani and Hélène
        Mazo and Asuncion Moreno and Jan Odijk and Stelios Piperidis and
        Takenobu Tokunaga},
  publisher = {European Language Resources Association (ELRA)},
  isbn = {979-10-95546-00-9},
  language = {english}
}


@inproceedings{brill2000improved,
    author = {Brill, Eric and Moore, Robert C.},
    title = {An improved error model for noisy channel spelling correction},
    booktitle = {ACL '00: Proceedings of the 38th Annual Meeting on Association
        for Computational Linguistics},
    year = {2000},
    pages = {286--293},
    location = {Hong Kong},
    doi = {http://dx.doi.org/10.3115/1075218.1075255},
    publisher = {Association for Computational Linguistics},
    address = {Morristown, NJ, USA},
  flammie = {spell-checking},
}

@inproceedings{carlson2001scaling,
  title={Scaling up context-sensitive text correction},
  author={Carlson, A.J. and Rosen, J. and Roth, D.},
  booktitle={Proceedings of the Thirteenth Conference on Innovative
      Applications of Artificial Intelligence Conference},
  pages={45--50},
  year={2001},
  organization={AAAI Press},
  flammie = {spell-checking},
}

@inproceedings{chaudhuri2002towards,
  title={Towards Indian language spell-checker design},
  author={Chaudhuri, B.B.},
  booktitle={Language Engineering Conference, 2002. Proceedings},
  pages={139--146},
  year={2002},
  organization={IEEE},
  flammie = {spell-checking},
}

@article{chege2010developing,
  title={Developing an Open source Spell-checker for G{\i}kuyu},
  author={Chege, Kamau and Wagacha, Peter and De Pauw, Guy and Muchemi,
      Lawrence and Ng’ang’a, W},
  journal={AfLaT 2010},
  pages={31},
  year={2010},
  flammie = {spell-checking},
}

@article{chen1999empirical,
  title={An empirical study of smoothing techniques for language modeling},
  author={Chen, S.F. and Goodman, J.},
  journal={Computer Speech \& Language},
  volume={13},
  number={4},
  pages={359--393},
  year={1999},
  publisher={Elsevier},
}

@article{church1991probability,
  title={Probability scoring for spelling correction},
  author={Church, K.W. and Gale, W.A.},
  journal={Statistics and Computing},
  volume={1},
  number={2},
  pages={93--103},
  year={1991},
  publisher={Springer},
  flammie = {spell-checking},
}

@inproceedings{church2007compressing,
  title={Compressing trigram language models with Golomb coding},
  author={Church, K. and Hart, T. and Gao, J.},
  booktitle={Proceedings of the 2007 Joint Conference on Empirical Methods in
      Natural Language Processing and Computational Natural Language Learning
        (EMNLP-CoNLL)},
  pages={199--207},
  year={2007},
}

@proceedings{ciaa2007,
    title = {Proceedings of the Ninth International Conference on
  Implementation and Application of Automata, (CIAA 2007)},
    volume = {4783},
    booktitle = {Lecture Notes in Computer Science},
    publisher = {Springer},
    year = {2007},
}

@Proceedings{cicling2008,
    Editor = {Alexander F. Gelbukh},
    Publisher = {Springer},
    Title = {Computational Linguistics and Intelligent Text Processing,
               9th International Conference, CICLing 2008, Haifa, Israel,
               February 17-23, 2008, Proceedings},
    Year = {2008},
}

@inproceedings{clifton2011combining,
 author = {Clifton, Ann and Sarkar, Anoop},
 title = {Combining Morpheme-based Machine Translation with Post-processing
     Morpheme Prediction},
 booktitle = {Proceedings of the 49th Annual Meeting of the Association for
     Computational Linguistics: Human Language Technologies - Volume 1},
 series = {HLT '11},
 year = {2011},
 isbn = {978-1-932432-87-9},
 location = {Portland, Oregon},
 pages = {32--42},
 numpages = {11},
 url = {http://dl.acm.org/citation.cfm?id=2002472.2002477},
 acmid = {2002477},
 publisher = {Association for Computational Linguistics},
 address = {Stroudsburg, PA, USA},
 flammie = {smt eng-fin},
} 

@InProceedings{cotterell2016sigmorphon,
  author = 	"Cotterell, Ryan
		and Kirov, Christo
		and Sylak-Glassman, John
		and Yarowsky, David
		and Eisner, Jason
		and Hulden, Mans",
  title = 	"The SIGMORPHON 2016 Shared Task---Morphological Reinflection",
  booktitle = 	"Proceedings of the 14th SIGMORPHON Workshop on Computational
    Research in      Phonetics, Phonology, and Morphology     ",
  year = 	"2016",
  publisher = 	"Association for Computational Linguistics",
  pages = 	"10--22",
  location = 	"Berlin, Germany",
  doi = 	"10.18653/v1/W16-2002",
  url = 	"http://aclweb.org/anthology/W16-2002"
}


@inproceedings{creutz2005morfessor,
    author = {Mathias Creutz and Krista Lagus and Krister Lindén and Sami Virpioja},
    year = {2005},
    title = {Morfessor and Hutmegs: Unsupervised Morpheme Segmentation for
        Highly-Inflecting and Compounding Languages},
    crossref = {baltichlt2},
}

@ARTICLE{damerau1964technique,
 author = {Damerau, Fred J.},
 title = {A technique for computer detection and correction of spelling errors},
 journal = {Commun. ACM},
 issue_date = {March 1964},
 volume = {7},
 number = {3},
 month = mar,
 year = {1964},
 issn = {0001-0782},
 pages = {171--176},
 numpages = {6},
 url = {http://doi.acm.org/10.1145/363958.363994},
 doi = {10.1145/363958.363994},
 acmid = {363994},
 publisher = {ACM},
 address = {New York, NY, USA},
  flammie = {spell-checking},
}

@article{deorowicz2005correcting,
  title={Correcting spelling errors by modelling their causes},
  author={Deorowicz, S. and Ciura, M.G.},
  journal={International journal of applied mathematics and computer science},
  volume={15},
  number={2},
  pages = {275--285},
  year={2005},
  publisher={UNIVERSITY OF ZIELONA GORA PRESS},
  flammie = {spell-checking},
}

@inproceedings{devlin-etal-2019-bert,
    title = {{BERT}: Pre-training of Deep Bidirectional Transformers for Language Understanding},
    author = {Devlin, Jacob  and
      Chang, Ming-Wei  and
      Lee, Kenton  and
      Toutanova, Kristina},
    booktitle = {Proceedings of the 2019 Conference of the North {A}merican
      Chapter of the Association for Computational Linguistics: Human Language
      Technologies, Volume 1 (Long and Short Papers)},
    month = {jun},
    year = {2019},
    address = {Minneapolis, Minnesota},
    publisher = {Association for Computational Linguistics},
    url = {https://www.aclweb.org/anthology/N19-1423},
    doi = {10.18653/v1/N19-1423},
    pages = {4171--4186},
}

@inproceedings{didriksen2015cg3,
author = {Bick, Eckhard and Didriksen, Tino},
booktitle = {Proceedings of the 20th Nordic Conference of Computational
    Linguistics (NoDaLiDa 2015)},
pages = {31--39},
publisher = {Linköping University Electronic Press, Linköpings universitet},
editor = {Beáta Megyesi},
title = {{CG-3} -- Beyond Classical {Constraint Grammar}},
year = {2015},
issn = {1650-3740},
}

@misc{earnest2011first,
    title={The First Three Spelling Checkers},
    author={Les Earnest},
    year={2011},
    howpublished={personal WWW page},
    url={http://www.stanford.edu/~learnest/spelling.pdf},
    note={Retrieved 6th of June 2012; New version on web site contains slightly
    less details on the spell checkers following the first},
  flammie = {spell-checking},
}

@misc{earnest2012first,
    title={The first cursive handwriting recognizer needed a spelling checker 
        and so did the rest of the world},
    author={Les Earnest},
    year={2012},
    howpublished={personal WWW page},
    url={http://www.stanford.edu/~learnest/spelling.htm},
    note={Retrieved 19th of December 2012; Web page seems to be under active
        construction by the author},
  flammie = {spell-checking},
}

@misc{earnest2013legacies,
    title={Visible Legacies for {Y3K}},
    author={Les Earnest},
    year={2013},
    howpublished={personal WWW page},
    url={http://www.stanford.edu/~learnest/legacies.pdf},
    note={Retrieved 1st of June 2013, the document contains
    a larger set of subjects and links to original documentation},
  flammie = {spell-checking},
}

@inproceedings{eisele2008using,
 author = {Eisele, Andreas and Federmann, Christian and Saint-Amand, Herv{\'e}
     and Jellinghaus, Michael and Herrmann, Teresa and Chen, Yu},
 title = {Using Moses to Integrate Multiple Rule-based Machine Translation
     Engines into a Hybrid System},
 booktitle = {Proceedings of the Third Workshop on Statistical Machine Translation},
 series = {StatMT '08},
 year = {2008},
 isbn = {978-1-932432-09-1},
 location = {Columbus, Ohio},
 pages = {179--182},
 numpages = {4},
 url = {http://dl.acm.org/citation.cfm?id=1626394.1626422},
 acmid = {1626422},
 publisher = {Association for Computational Linguistics},
 address = {Stroudsburg, PA, USA},
} 

@inproceedings{federico2008irstlm,
  title={{IRSTLM}: an open source toolkit for handling large scale language models.},
  author={Federico, Marcello and Bertoldi, Nicola and Cettolo, Mauro},
  booktitle={Interspeech},
  pages={1618--1621},
  year={2008},
}

@article{forcada2001corpus,
  title={Corpus-based stochastic finite-state predictive text entry for reduced
      keyboards: application to {C}atalan},
  author={Forcada, Mikel L.},
  journal={Procesamiento del lenguaje natural},
  volume={27},
  pages={65--70},
  year={2001},
}

@article{forcada2011apertium,
    Author = {Mikel L. Forcada and Mireia Ginestí  Rosell  and Jacob Nordfalk
        and Jim O'Regan and Sergio Ortiz-Rojas and Juan Antonio Pérez-Ortiz and
          Gema Ramírez-Sánchez and Felipe Sánchez-Martínez  and Francis M.
          Tyers},
    Journal = {Machine Translation},
    Title = {Apertium: a free/open-source platform for rule-based machine
        translation platform},
    Year = {2011},
}

@article{forcada2010apertium,
    Author = {Mikel L. Forcada and Mireia Ginestí  Rosell  and Jacob Nordfalk
        and Jim O'Regan and Sergio Ortiz-Rojas and Juan Antonio Pérez-Ortiz and
          Gema Ramírez-Sánchez and Felipe Sánchez-Martínez  and Francis M.
          Tyers},
    Journal = {Machine Translation},
    Title = {Apertium: a free/open-source platform for rule-based machine
        translation platform},
    Year = {2010},
}

@proceedings{fsmnlp2012,
    editor = {Iñaki Alegria and Mns Huldén},
    title = {Pre-proceedings of the 10th International Workshop on Finite State
        Methods and Natural Language Processing FSMNLP},
    year = {2012},
    month = {July 23--25},
    location = {Donostia-San Sebastián, Spain},
    publisher = {University of the Basque Country},
}

@proceedings{fsmnlp2009,
    editor = {Bruce Watson and Derrick Courie and Loek Cleophas and Pierre Rautenbach},
    title = {Pre-proceedings of the Eighth International Workshop on
        Finite-State Methods and Natural Language Processing (FSMNLP 2009),
        Pretoria, South Africa, July 21st - 24th 2009},
    howpublished = {Handout CD-ROM containing the accompanying papers for the
        presentations during the FSMNLP 2009 workshop.  Published by the
          University of Pretoria, Pretoria, South Africa.},
    month = {13 July},
    booktitle = {FSMNLP 2009},
    publisher = {},
    series = {},
    volume = {},
    year = {2009},
    isbn = {978-1-86854-743-2},
}

@article{gorin1971spell,
  title={SPELL: A spelling checking and correction program},
  author={Gorin, RE},
  journal={Online documentation for the DEC-10 computer},
  year={1971},
  note={Retrieved 1st of August 2013},
  url= {http://www.saildart.org/},
  note={entries: UP DOC: SPELL.REG},
  flammie = {spell-checking},
}

@inproceedings{golding1995bayesian,
  title={A {B}ayesian hybrid method for context-sensitive spelling correction},
  author={Golding, A.R.},
  booktitle={Proceedings of the third workshop on Very Large Corpora},
  volume={3},
  pages={39--53},
  year={1995},
  organization={Massachusetts Institute of Technology Cambridge MA},
  flammie = {spell-checking},
}

@inproceedings{golding1996combining,
    author = {Golding, Andrew R. and Schabes, Yves},
    title = {Combining Trigram-based and feature-based methods for context-sensitive spelling correction},
    booktitle = {Proceedings of the 34th annual meeting on Association for Computational Linguistics},
    year = {1996},
    location = {Santa Cruz, California},
    pages = {71--78},
    numpages = {8},
    url = {http://dx.doi.org/10.3115/981863.981873},
    doi = {http://dx.doi.org/10.3115/981863.981873},
    acmid = {981873},
    publisher = {Association for Computational Linguistics},
    address = {Morristown, NJ, USA},
  flammie = {spell-checking},
}

@article{golding1999winnow,
  title={A winnow-based approach to context-sensitive spelling correction},
  author={Golding, A.R. and Roth, D.},
  journal={Machine learning},
  volume={34},
  number={1},
  pages={107--130},
  year={1999},
  publisher={Springer},
  flammie = {spell-checking},
}

@mastersthesis{greenfield2010open,
    title = {Open Source Natural Language Processing},
    author = {Kara Greenfield and Sarah Judd},
    school = {Worchester Polytechnic Institute},
    year = {2010},
    url = {http://www.wpi.edu/Pubs/E-project/Available/E-project-042810-055257/},
    urn = {E-project-042810-055257},
  flammie = {spell-checking},
}


@inproceedings{hassan2008language,
    author = {Ahmed Hassan and Sara Noeman and Hany Hassan},
    title = {Language Independent Text Correction using Finite State Automata},
    year = {2008},
    booktitle = {Proceedings of the Third International Joint Conference on Natural Language Processing},
    volume = {2},
    location = {Hyderabad, India},
    pages = {913--918},
  flammie = {spell-checking},
}

@book{hakulinen2008iso,
    author = {Auli Hakulinen and Maria Vilkuna and Riitta Korhonen and Vesa
        Koivisto and Tarja-Riitta Heinonen and Irja Alho},
    year = {2008},
    title = {Iso suomen kielioppi},
    publisher = {Suomalaisen Kirjallisuuden Seura},
    url = {http://kaino.kotus.fi/visk},
    language = {Finnish},
}

@article{haverinen2014building,
  title={Building the essential resources for Finnish: the Turku Dependency Treebank},
  author={Haverinen, Katri and Nyblom, Jenna and Viljanen, Timo and Laippala,
      Veronika and Kohonen, Samuel and Missil{\"a}, Anna and Ojala, Stina and
        Salakoski, Tapio and Ginter, Filip},
  journal={Language Resources and Evaluation},
  volume={48},
  number={3},
  pages={493--531},
  year={2014},
  publisher={Springer}
}

@article{hedlund2002dictionarybased,
    author = {A Pirkola and T Hedlund and H Keskustalo},
    title = {Dictionary-based cross-language information retrieval: problems, methods and research findings},
    journal = {Inf. Retrieval},
    year = {2001},
    number = {4},
    pages = {209--230},
}

@inproceedings{Hellrich2017Dont,
  title={Don't {G}et {F}ooled by {W}ord {E}mbeddings - {B}etter {W}atch their {N}eighborhood},
  author={Johannes Hellrich and Udo Hahn},
  booktitle={DH},
  year={2017}
}

@article{hirst1998lexical,
  title={Lexical chains as representations of context for the detection and correction of malapropisms},
  author={Hirst, G. and St-Onge, D.},
  journal={WordNet: An electronic lexical database},
  volume={305},
  pages={305--332},
  year={1998},
  publisher={Cambridge},
  flammie = {spell-checking},
}

@inproceedings{huang2007hierarchical,
      title={Hierarchical System Combination for Machine Translation.},
        author={Huang, Fei and Papineni, Kishore},
          booktitle={EMNLP-CoNLL},
            pages={277--286},
              year={2007}
}

@article{hulden2009fast,
    author = {Måns Huldén},
    year = {2009},
    title = {Fast approximate string matching with finite automata},
    journal = {Procesamiento del Lenguaje Natural},
    volume = {43},
    pages = {57--64},
  flammie = {spell-checking},
}

@misc{hunspell/man,
    title = {Hunspell Manual},
    author = {László Németh},
    year = {2011},
    howpublished = {Electronic Software Manual (manpage)},
  flammie = {spell-checking},
}

@inproceedings{hurskainen2017rule,
  title={Rule-based machine translation from English to Finnish},
  author={Hurskainen, Arvi and Tiedemann, J{\"o}rg},
  booktitle={Proceedings of the Second Conference on Machine Translation},
  pages={323--329},
  year={2017}
}

@inproceedings{hamalainen2019template,
    author = {H\"{a}m\"{a}l\"{a}inen, Mika and Alnajjar, Khalid},
    title = {A Template Based Approach for Training NMT for Low-Resource Uralic
        Languages - A Pilot with {F}innish},
    year = {2019},
    isbn = {9781450372619},
    publisher = {Association for Computing Machinery},
    address = {New York, NY, USA},
    url = {https://doi.org/10.1145/3377713.3377801},
    doi = {10.1145/3377713.3377801},
    booktitle = {Proceedings of the 2019 2nd International Conference on
        Algorithms, Computing and Artificial Intelligence},
    pages = {520–525},
    numpages = {6},
    keywords = {Synthetic templates, Machine translation,
        Endangered languages},
    location = {Sanya, China},
    series = {ACAI 2019}
}


@book{jurafsky2000speech,
  title={Speech and language processing: An introduction to natural language
      processing, computational linguistics, and speech recognition},
  author={Jurafsky, D. and Martin, J.H.},
  volume={2},
  year={2000},
  pages={1024},
  publisher={Prentice Hall New Jersey},
}

@inproceedings{kanerva2018turku,
    author = {Jenna Kanerva and Filip Ginter and Niko Miekka and Akseli Leino
        and Tapio Salakoski},
    title = {Turku Neural Parser Pipeline: An End-to-End System for the CoNLL
        2018 Shared Task},
    booktitle = {Proceedings of the CoNLL 2018 Shared Task: Multilingual
        Parsing from Raw Text to Universal Dependencies},
    publisher = "Association for Computational Linguistics",
    location = "Brussels, Belgium",
    year={2018}
}

@book{karlsson1995constraint,
        author = {Fred Karlsson and Atro Voutilainen and Juha Heikkilä and Arto Anttila},
        title = {Constraint Grammar: A Language-Independent System for Parsing Unrestricted Text},
        address = {Berlin},
        publisher = {Mouton de Gruyter},
        year = 1995,
}

@inproceedings{karlsson1992swetwol,
    author = {Fred Karlsson},
    title = {SWETWOL: A Comprehensive Morphological Analyser for Swedish---in
        Nordic Journal of Linguistics, 15},
    booktitle = {Machines in Language Translation---Xerox PARC Working Paper,
        reprinted in Machine Translation},
    year = {1992},
    pages = {3--23},
}

@inproceedings{karlsson1990constraint,
    author = {Fred Karlsson},
    year = {1990},
    title = {Constraint Grammar as a Framework for Parsing Unrestricted Text},
    editor = {H. Karlgren},
    booktitle = {Proceedings of the 13th International Conference of Computational Linguistics},
    volume = {3},
    address = {Helsinki},
    pages = {168--173},
}

@inproceedings{karttunen1992two,
  title={Two-level morphology with composition},
  author={Karttunen, Lauri and Kaplan, Ronald M and Zaenen, Annie and others},
  booktitle={COLING’92},
  pages={141--148},
  year={1992},
}

@inproceedings{karttunen1995replace,
  title={The replace operator},
  author={Karttunen, Lauri},
  booktitle={Proceedings of the 33rd annual meeting on Association for
      Computational Linguistics},
  pages={16--23},
  year={1995},
  organization={Association for Computational Linguistics},
}

@article{karttunen2006numbers,
  title={Numbers and {F}innish numerals},
  author={Karttunen, Lauri},
  journal={SKY Journal of Linguistics},
  volume={19},
  pages={407--421},
  year={2006},
}

@inproceedings{kernighan1990spelling,
  title={A spelling correction program based on a noisy channel model},
  author={Kernighan, M.D. and Church, K.W. and Gale, W.A.},
  booktitle={Proceedings of the 13th conference on Computational linguistics-Volume 2},
  pages={205--210},
  year={1990},
  organization={Association for Computational Linguistics},
  flammie = {spell-checking},
}

@inproceedings{koehn2005europarl,
  title={Europarl: A parallel corpus for statistical machine translation},
  author={Koehn, Philipp},
  booktitle={MT summit},
  volume={5},
  pages={79--86},
  year={2005}
}

@inproceedings{klein2017opennmt,
  author    = {Guillaume Klein and
               Yoon Kim and
               Yuntian Deng and
               Jean Senellart and
               Alexander M. Rush},
  title     = {Open{NMT}: Open-Source Toolkit for Neural Machine Translation},
  booktitle = {Proc. ACL},
  year      = {2017},
  url       = {https://doi.org/10.18653/v1/P17-4012},
  doi       = {10.18653/v1/P17-4012}
}

@inproceedings{opennmt,
  author    = {Guillaume Klein and
               Yoon Kim and
               Yuntian Deng and
               Jean Senellart and
               Alexander M. Rush},
  title     = {Open{NMT}: Open-Source Toolkit for Neural Machine Translation},
  booktitle = {Proc. ACL},
  year      = {2017},
  url       = {https://doi.org/10.18653/v1/P17-4012},
  doi       = {10.18653/v1/P17-4012}
}
@book{knuth1973art,
  title={The art of computer programming},
  author={Knuth, D.E.},
  volume={3},
  year={1973},
  publisher={Addison-Wesley, Reading, MA},
}

@article{knuth1984literate,
  title={Literate programming},
  author={Knuth, Donald Ervin},
  journal={The Computer Journal},
  volume={27},
  number={2},
  pages={97--111},
  year={1984},
  publisher={Br Computer Soc},
}

@inproceedings{kobus2008normalizing,
  title={Normalizing SMS: are two metaphors better than one},
  author={Kobus, Catherine and Yvon, Fran{\c{c}}ois and Damnati, G{\'e}raldine},
  booktitle={Proceedings of the 22nd International Conference on Computational Linguistics (COLING 2008)},
  pages={441--448},
  year={2008},
  flammie = {spell-checking},
}

@inproceedings{kolachina2015gf,
  title={GF Wide-coverage English-Finnish MT system for WMT 2015},
  author={Kolachina, Prasanth and Ranta, Aarne},
  booktitle={Proceedings of the Tenth Workshop on Statistical Machine Translation},
  pages={141--144},
  year={2015}
}

@article{kornai2002many,
  title={How many words are there},
  author={Kornai, A.},
  journal={Glottometrics},
  volume={4},
  pages={61--86},
  year={2002},
  publisher={Citeseer},
}

@phdthesis{koskenniemi1983twolevel,
    author = {Kimmo Koskenniemi},
    title = {Two-level Morphology: A General Computational Model for Word-Form Recognition and Production},
    school = {University of Helsinki},
    year = {1983},
    url = {http://www.ling.helsinki.fi/koskenni/doc/Two-LevelMorphology.pdf},
}

@article{kukich1992spelling,
 author = {Kukich, Karen},
 title = {Spelling correction for the telecommunications network for the deaf},
 journal = {Commun. ACM},
 issue_date = {May 1992},
 volume = {35},
 number = {5},
 month = may,
 year = {1992},
 issn = {0001-0782},
 pages = {80--90},
 numpages = {11},
 url = {http://doi.acm.org/10.1145/129875.129882},
 doi = {10.1145/129875.129882},
 acmid = {129882},
 publisher = {ACM},
 address = {New York, NY, USA},
 keywords = {spelling correction, telecommunications network for the deaf, text-to-speech synthesis},
  flammie = {spell-checking},
}

@article{kukich1992techniques,
    author = {Kukich, Karen},
    title = {Techniques for automatically correcting words in text},
    journal = {ACM Comput. Surv.},
    volume = {24},
    number = {4},
    year = {1992},
    issn = {0360-0300},
    pages = {377--439},
    doi = {http://doi.acm.org/10.1145/146370.146380},
    publisher = {ACM},
    address = {New York, NY, USA},
  flammie = {spell-checking},
}

@article{levenshtein1965,
    author = {В.И. Левенштейн},
    year = {1965},
    title = {Двоичные коды с исправлением выпадений, вставок и замещений
        символов},
    journal = {Доклады Академий Наук СCCP},
    volume = {163},
    number = {4},
    pages = {845–848},
  flammie = {spell-checking},
}

@article{levenshtein1966binary,
    author = {V. I. Levenshtein},
    title = {Binary codes capable of correcting deletions, insertions, and reversals},
    journal = {Soviet Physics---Doklady 10, 707–710. Translated from Doklady Akademii Nauk SSSR},
    year = {1966},
    pages = {845--848},
    note = {Untranslated version 1965},
  flammie = {spell-checking},
}

@phdthesis{liang1983word,
    author = {Franklin Mark Liang},
    title = {Word hy-phen-a-tion by com-pu-ter},
    school = {Stanford University},
    year = {1983},
    url = {http://www.tug.org/docs/liang/},
}

@misc{liberman2012noisily,
    author = {Mark Liberman},
    title = {Noisily Channeling Claude Shannon},
    year = {2012},
    howpublished = {Blog post in Language Log},
    url = {http://languagelog.ldc.upenn.edu/nll/?p=4115},
    note = {Retrieved 1st of August 2013},
  flammie = {spell-checking},
}

@Inproceedings{linden2009weighted,
    Author = {Krister Lindén and Tommi Pirinen},
    Booktitle = {Nodalida 2009},
    series = {NEALT Proceedings},
    volume = {4},
    editor = {Kristiina Jokinen and Eckhard Bick},
    Title = {Weighted Finite-State Morphological Analysis of {F}innish Compounds},
    URL = {http://www.ling.helsinki.fi/klinden/pubs/linden09dnodalida.pdf},
    Year = {2009},
}

@Inproceedings{linden2009weighting,
    Author = {Krister Lindén and Tommi Pirinen},
    Booktitle = {FSMNLP 2009},
    editor = {Bruce Watson and Derrick Courie and Loek Cleophas and Pierre Rautenbach},
    month = {July},
    isbn = {978-1-86854-743-2},
    Title = {Weighting Finite-State Morphological Analyzers using {HFST} tools},
    URL = {http://www.ling.helsinki.fi/klinden/pubs/fsmnlp2009weighting.pdf},
    Year = {2009},
}

@Inproceedings{linden2009hfst,
    Author = {Krister Lindén and Miikka Silfverberg and Tommi Pirinen},
    Booktitle = {sfcm 2009},
    Crossref = {sfcm2009},
    Pages = {28---47},
    Title = {HFST Tools for Morphology---An Efficient Open-Source Package for Construction of Morphological Analyzers},
    Year = {2009},
}

@article{linden2011hfst,
  title={Hfst—framework for compiling and applying morphologies},
  author={Lindén, Krister and Axelson, Erik and Hardwick, Sam and Pirinen, Tommi A and Silfverberg, Miikka},
  journal={Systems and Frameworks for Computational Morphology},
  pages={67--85},
  year={2011},
  publisher={Springer},
}

@proceedings{lrec2004,
    title = {Proceedings of {LREC}-2004},
    publisher = {Lisbon, Portugal},
}

@inproceedings{luong2010hybrid,
 author = {Luong, Minh-Thang and Nakov, Preslav and Kan, Min-Yen},
 title = {A Hybrid Morpheme-word Representation for Machine Translation of Morphologically Rich Languages},
 booktitle = {Proceedings of the 2010 Conference on Empirical Methods in Natural Language Processing},
 series = {EMNLP '10},
 year = {2010},
 location = {Cambridge, Massachusetts},
 pages = {148--157},
 numpages = {10},
 url = {http://dl.acm.org/citation.cfm?id=1870658.1870673},
 acmid = {1870673},
 publisher = {Association for Computational Linguistics},
 address = {Stroudsburg, PA, USA},
 flammie= {smt, eng-fin},
}

@article{luong2015effective,
  title={Effective approaches to attention-based neural machine translation},
  author={Luong, Minh-Thang and Pham, Hieu and Manning, Christopher D},
  journal={arXiv preprint arXiv:1508.04025},
  year={2015}
},

@inproceedings{mangu1997automatic,
  title={Automatic rule acquisition for spelling correction},
  author={Mangu, L. and Brill, E.},
  booktitle={machine learning-international workshop then onference-},
  pages={187--194},
  year={1997},
  organization={morgan kaufmann publishers, inc.},
  flammie = {spell-checking},
}

@book{manning1999foundations,
  title={Foundations of statistical natural language processing},
  author={Manning, C.D. and Sch{\"u}tze, H.},
  year={1999},
  pages={620},
  publisher={MIT Press},
}

@techreport{marek2006analysis,
    author = {Torsten Marek},
    year = {2006},
    title = {Analysis of German Compounds using Weighted Finite State Transducers},
    publisher = {Eberhard-Karls-Universität Tübingen},
}

@article{markianova2002karjalan,
  title={Karjalan kielioppi 5-9},
  author={Markianova, Ludmila},
  journal={Periodika, Petroskoi},
  year={2002},
  url={https://opastajat.net/opastus/grammar/index.html},
}



@inproceedings{maxwell2008joint,
    title = {Joint Grammar Development by Linguists and Computer Scientists},
    author = {Michael Maxwell and Anne David},
    year = {2008},
    booktitle = {Workshop on NLP for Less Privileged Languages, Third
        International Joint Conference on Natural Language Processing},
    pages = {27--34},
    address = {Hyderabad, India},
}

@inproceedings{max2010mining,
   author = {Aurélien Max and Guillaume Wisniewski},
  title = {Mining Naturally-occurring Corrections and Paraphrases from
      Wikipedia’s Revision History},
  booktitle = {Proceedings of the Seventh International Conference on Language
      Resources and Evaluation (LREC'10)},
  year = {2010},
  month = {may},
  date = {19-21},
  address = {Valletta, Malta},
  editor = {Nicoletta Calzolari (Conference Chair) and Khalid Choukri and Bente
      Maegaard and Joseph Mariani and Jan Odijk and Stelios Piperidis and Mike
        Rosner and Daniel Tapias},
  publisher = {European Language Resources Association (ELRA)},
  isbn = {2-9517408-6-7},
  language = {english},
  flammie = {spell-checking},
}

@article{mays1991context,
    author = {Mays, Eric and Damerau, Fred J. and Mercer, Robert L.},
    title = {Context based spelling correction},
    journal = {Inf. Process. Manage.},
    volume = {27},
    number = {5},
    year = {1991},
    issn = {0306-4573},
    pages = {517--522},
    doi = {http://dx.doi.org/10.1016/0306-4573(91)90066-U},
    publisher = {Pergamon Press, Inc.},
    address = {Tarrytown, NY, USA},
  flammie = {spell-checking},
}

@inproceedings{mcdonald2013universal,
    title={Universal Dependency Annotation for Multilingual Parsing.},
    author={McDonald, Ryan T and Nivre, Joakim and
        Quirmbach-Brundage, Yvonne and Goldberg, Yoav and
          Das, Dipanjan and Ganchev, Kuzman and
          Hall, Keith B and Petrov, Slav and
          Zhang, Hao and T{\"a}ckstr{\"o}m, Oscar and others},
    booktitle={ACL (2)},
    pages={92--97},
    year={2013},
    organization={Citeseer}
}

@article{mikolov2013efficient,
  title={Efficient {E}stimation of {W}ord {R}epresentations in {V}ector {S}pace},
  author={Mikolov, Tomas and Chen, Kai and Corrado, Greg and Dean, Jeffrey},
  journal={arXiv preprint arXiv:1301.3781},
  year={2013}
}



@mastersthesis{mitankin2005universal,
 author = {Petar Nikolaev Mitankin},
 year = {2005},
 title = {Universal Levenshtein Automata. Building and Properties},
 school = {University of Sofia},
 url = {http://www.fmi.uni-sofia.bg/fmi/logic/theses/mitankin-en.pdf},
  flammie = {spell-checking},
}

@article{mitton1987spelling,
 author = {Mitton, Roger},
 title = {Spelling checkers, spelling correctors and the misspellings of poor spellers},
 journal = {Inf. Process. Manage.},
 issue_date = {Sept. 1987},
 volume = {23},
 number = {5},
 month = sep,
 year = {1987},
 issn = {0306-4573},
 pages = {495--505},
 numpages = {11},
 url = {http://dx.doi.org/10.1016/0306-4573(87)90116-6},
 doi = {10.1016/0306-4573(87)90116-6},
 acmid = {33067},
 publisher = {Pergamon Press, Inc.},
 address = {Tarrytown, NY, USA},
  flammie = {spell-checking},
}

@article{mitton2009ordering,
    author = {Mitton, Roger},
    title = {Ordering the suggestions of a spellchecker without using context},
    journal = {Nat. Lang. Eng.},
    volume = {15},
    number = {2},
    year = {2009},
    issn = {1351-3249},
    pages = {173--192},
    doi = {http://dx.doi.org/10.1017/S1351324908004804},
    publisher = {Cambridge University Press},
    address = {New York, NY, USA},
  flammie = {spell-checking},
}

@article{mohri1997finitestate,
    author = {Mehryar Mohri},
    title = {Finite-state transducers in language and speech processing},
    journal = {Comp. Linguistics},
    year = {1997},
    volume = {23},
    pages = {269--311},
}


@misc{mohri2002efficient,
    author = {Mehryar Mohri and Michael Riley},
    title = {An efficient algorithm for the n-best-strings problem},
    year = {2002},
}

@article{mohri2003edit,
  title={Edit-distance of weighted automata: general definitions and algorithms},
  author={Mohri, M.},
  journal={International Journal of Foundations of Computer Science},
  volume={14},
  number={6},
  pages={957--982},
  year={2003},
  flammie = {spell-checking},
}

@incollection{mohri2004weighted,
  title={Weighted {F}inite-state {T}ransducer {A}lgorithms. {A}n {O}verview},
  author={Mohri, Mehryar},
  booktitle={Formal Languages and Applications},
  pages={551--563},
  year={2004},
  publisher={Springer}
}

@article{mohri2009weighted,
  title={Weighted automata algorithms},
  author={Mohri, M.},
  journal={Handbook of weighted automata},
  pages={213--254},
  year={2009},
  publisher={Springer},
}

@article{monson2004data,
  title={Data Collection and Analysis of Mapudungun Morphology for Spelling Correction},
  author={Monson, C. and Levin, L. and Vega, R.M. and Brown, R.D. and
      Font-Llitjos, A. and Lavie, A. and Carbonell, J.G. and Ca{\~n}ulef, E.
        and Huisca, R.},
  journal={Computer Science Department},
  pages={300},
  year={2004},
}

@article{moorkens2018translators,
  title={Translators’ perceptions of literary post-editing using statistical and neural machine translation},
  author={Moorkens, Joss and Toral, Antonio and Castilho, Sheila and Way, Andy},
  journal={Translation Spaces},
  volume={7},
  number={2},
  pages={240--262},
  year={2018},
  publisher={John Benjamins}
}

@book{moseley2010atlas, 
place={Paris}, 
edition={3rd}, 
title={Atlas of the World's Languages in Danger},
publisher={UNESCO Publishing}, 
editor={Moseley, Christopher}, 
year={2010},
note = {Online version: http://www.unesco.org/languages-atlas/}
}

@inproceedings{moshagen2011tilgjengelegheit,
  title={Tilgjengelegheit for samisk og andre nasjonale minoritetsspr{\aa}k},
  author={Moshagen, Sjur},
  booktitle="Språkteknologi för ökad tillgänglighet",
  year={2011}
}

@inproceedings{moshagen-etal-2013-building,
    title = "Building an Open-Source Development Infrastructure for Language Technology Projects",
    author = "Moshagen, Sjur N.  and
      Pirinen, Tommi  and
      Trosterud, Trond",
    booktitle = "Proceedings of the 19th Nordic Conference of Computational Linguistics ({NODALIDA} 2013)",
    month = may,
    year = "2013",
    address = "Oslo, Norway",
    publisher = {Link{\"o}ping University Electronic Press, Sweden},
    url = "https://www.aclweb.org/anthology/W13-5631",
    pages = "343--352",
}

@inproceedings{moshagen2014open,
  title={Open-Source Infrastructures for Collaborative Work
      on Under-Resourced Languages},
  author={Moshagen, Sjur and Rueter, Jack and Pirinen, Tommi and
      Trosterud, Trond and Tyers, Francis M},
  booktitle={Proceedings of e Ninth International Conference on
      Language Resources and Evaluation, LREC},
  pages={71--77},
  year={2014}
}

@inproceedings{muischnek2016estonian,
  title={Estonian Dependency Treebank: from Constraint Grammar tagset to Universal Dependencies.},
  author={Muischnek, Kadri and M{\"u}{\"u}risep, Kaili and Puolakainen, Tiina},
  booktitle={LREC},
  year={2016}
}

@inproceedings{nekoto2020participatory,
    title = "Participatory Research for Low-resourced Machine Translation: A Case Study in {A}frican Languages",
    author = {Nekoto, Wilhelmina  and
      Marivate, Vukosi  and
      Matsila, Tshinondiwa  and
      Fasubaa, Timi  and
      Fagbohungbe, Taiwo  and
      Akinola, Solomon Oluwole  and
      Muhammad, Shamsuddeen  and
      Kabongo Kabenamualu, Salomon  and
      Osei, Salomey  and
      Sackey, Freshia  and
      Niyongabo, Rubungo Andre  and
      Macharm, Ricky  and
      Ogayo, Perez  and
      Ahia, Orevaoghene  and
      Berhe, Musie Meressa  and
      Adeyemi, Mofetoluwa  and
      Mokgesi-Selinga, Masabata  and
      Okegbemi, Lawrence  and
      Martinus, Laura  and
      Tajudeen, Kolawole  and
      Degila, Kevin  and
      Ogueji, Kelechi  and
      Siminyu, Kathleen  and
      Kreutzer, Julia  and
      Webster, Jason  and
      Ali, Jamiil Toure  and
      Abbott, Jade  and
      Orife, Iroro  and
      Ezeani, Ignatius  and
      Dangana, Idris Abdulkadir  and
      Kamper, Herman  and
      Elsahar, Hady  and
      Duru, Goodness  and
      Kioko, Ghollah  and
      Espoir, Murhabazi  and
      van Biljon, Elan  and
      Whitenack, Daniel  and
      Onyefuluchi, Christopher  and
      Emezue, Chris Chinenye  and
      Dossou, Bonaventure F. P.  and
      Sibanda, Blessing  and
      Bassey, Blessing  and
      Olabiyi, Ayodele  and
      Ramkilowan, Arshath  and
      {\"O}ktem, Alp  and
      Akinfaderin, Adewale  and
      Bashir, Abdallah},
    booktitle = "Findings of the Association for Computational Linguistics: EMNLP 2020",
    month = nov,
    year = "2020",
    address = "Online",
    publisher = "Association for Computational Linguistics",
    url = "https://www.aclweb.org/anthology/2020.findings-emnlp.195",
    doi = "10.18653/v1/2020.findings-emnlp.195",
    pages = "2144--2160",
}

@inproceedings{nemeth2004leveraging,
    title={Leveraging the open source ispell codebase for minority language
        analysis},
    author={Németh, L. and Trón, V. and Halácsy, P. and Kornai, A. and Rung, A.
        and Szakadát, I.},
    booktitle={First Steps in Language Documentation for Minority Languages:
        Computational Linguistic Tools for Morphology, Lexicon and Corpus
          Compilation, Proceedings of the SALTMIL Workshop at LREC},
    pages={56--59},
    year={2004},
  flammie = {spell-checking},
}

@article{neubig2018rapid,
  title={Rapid adaptation of neural machine translation to new languages},
  author={Neubig, Graham and Hu, Junjie},
  journal={arXiv preprint arXiv:1808.04189},
  year={2018}
}

@proceedings{nodalida2003,
    title = {NODALIDA 2003, the 14th Nordic Conference of
               Computational Linguistics, Reykjavik,
               May 30-31, 2003, Proceedings},
    booktitle = {Nodalida '03},
    year = {2003},
}

@proceedings{nodalida2009,
    editor = {Kristiina Jokinen and Eckhard Bick},
    title = {Proceedings of 17th Nordic Conference of Computational Linguistics,
      Nodalida 2009, Odense, Denmark, May 14---16 2009, Proceedings},
    booktitle = {NODALIDA 2009},
    publisher = {},
    series = {NEALT Proceedings},
    volume = {4},
    year = {2009},
    isbn = {},
    uri = {http://hdl.handle.net/10062/9909},
}

@misc{norvig2010howto,
    author = {Peter Norvig},
    title = {How To Write a Spelling Corrector},
    howpublished = {Web page},
    note = {retrieved first of November 2011, available},
    url = {http://norvig.com/spell-correct.html},
    year = {2010},
    url = {http://norvig.com/spell-correct.html},
  flammie = {spell-checking},
}

@Article{oflazer1996errortolerant,
    Author = {Kemal Oflazer},
    Journal = {Computational Linguistics},
    Number = {1},
    Pages = {73-89},
    Title = {Error-tolerant Finite-state Recognition with Applications
               to Morphological Analysis and Spelling Correction},
    Volume = {22},
    Year = {1996},
  flammie = {spell-checking},
}

@inproceedings{openfst,
    crossref= {allauzen2007openfst},
}

@article{Outakoski2015davvisamegielat,
    author = {Outakoski, Hanna},
    title = {Davvisámegielat čálamáhtu konteaksta [{The} context of {North Sámi} literacy]},
    year = {2013},
    journal = {Sámi dieđalaš áigečála},
    editor = {Jussi Ylikoski, Lene Antonsen, Vuokko Hirvonen, Johan Klemet Kalstad ja Mikael Svonni},
    volume = {1/2015},
    pages = {29--59},
}

@article{otero2007contextual,
  title={Contextual spelling correction},
  author={Otero, J. and Grana, J. and Vilares, M.},
  journal={Computer Aided Systems Theory--EUROCAST 2007},
  pages={290--296},
  year={2007},
  publisher={Springer},
  flammie = {spell-checking},
}

@inproceedings{papineni2002bleu,
    title={BLEU: a method for automatic evaluation of machine translation},
    author={Papineni, Kishore and Roukos, Salim 
        and Ward, Todd and Zhu, Wei-Jing},
    booktitle={Proceedings of the 40th annual meeting on
        association for computational linguistics},
    pages={311--318},
    year={2002},
    organization={Association for Computational Linguistics}
}

@inproceedings{partanen2018first,
  title={The First Komi-Zyrian Universal Dependencies Treebanks},
  author={Partanen, Niko and Blokland, Rogier and Lim, KyungTae and Poibeau, Thierry and Rie{\ss}ler, Michael},
  booktitle={Proceedings of the Second Workshop on Universal Dependencies (UDW 2018)},
  pages={126--132},
  year={2018}
}



@article{peterson1980computer,
  title={Computer programs for spelling correction: an experiment in program design},
  author={Peterson, J.},
  journal={Lecture Notes in Computer Science},
  pages={1--129},
  year={1980},
  publisher={Springer},
  flammie = {spell-checking},
}

@article{peterson1980computerX,
  title={Computer programs for detecting and correcting spelling errors},
  author={Peterson, J.L.},
  journal={Communications of the ACM},
  volume={23},
  number={12},
  pages={676--687},
  year={1980},
  publisher={ACM},
  flammie = {spell-checking},
}

@article{philips2000double,
  title={The double metaphone search algorithm},
  author={Philips, L.},
  journal={C/C++ Users Journal},
  volume={18},
  number={6},
  pages={38--43},
  year={2000},
  publisher={CMP Media LLC},
  flammie = {spell-checking},
}

@article{philips1990hanging,
  title={Hanging on the metaphone},
  author={Philips, L.},
  journal={Computer Language},
  volume={7},
  number={12 (December)},
  year={1990},
  flammie = {spell-checking},
}

@mastersthesis{pirinen2008suomen,
    title = {Suomen kielen "{a}"{a}rellistilainen automaattinen morfologinen analyysi avoimen l"{a}hdekoodin menetelmin},
    year = {2008},
    author = {Tommi Pirinen},
    school = {Helsingin yliopisto},
    url = {http://www.helsinki.fi/%7Etapirine/gradu/},
}

@mastersthesis{pirinen2008automatic,
    title = {Automatic Finite State Morphological Analysis of Finnish Language Using Open Source Resources (in Finnish)},
    year = {2008},
    author = {Tommi Pirinen},
    school = {University of Helsinki},
    url = {http://www.helsinki.fi/%7Etapirine/gradu/},
}

@Inproceedings{pirinen2009weighted,
    Author = {Krister Lindén and Tommi Pirinen},
    Booktitle = {Nodalida 2009},
    series = {NEALT Proceedings},
    volume = {4},
    editor = {Kristiina Jokinen and Eckhard Bick},
    Title = {Weighted Finite-State Morphological Analysis of {F}innish Compounds},
    URL = {http://www.ling.helsinki.fi/klinden/pubs/linden09dnodalida.pdf},
    Year = {2009},
    category = {thesis},
}

@Inproceedings{pirinen2009weighting,
    Author = {Krister Lindén and Tommi Pirinen},
    Booktitle = {FSMNLP 2009},
    editor = {Bruce Watson and Derrick Courie and Loek Cleophas and Pierre Rautenbach},
    month = {July},
    isbn = {978-1-86854-743-2},
    Title = {Weighting Finite-State Morphological Analyzers using {HFST} tools},
    URL = {http://www.ling.helsinki.fi/klinden/pubs/fsmnlp2009weighting.pdf},
    Year = {2009},
    category = {thesis},
}

@inproceedings{pirinen2010building,
    author = {Tommi A Pirinen and Krister Lindén},
    title = {Building and Using Existing {H}unspell Dictionaries and {\TeX }
        Hyphenators as Finite-State Automata},
    booktitle = {Proccedings of Computational Linguistics - Applications, 2010},
    year = {2010},
    address = {Wis{\l}a, Poland},
    pages = {25---32},
    url = {http://www.helsinki.fi/%7Etapirine/publications/Pirinen-cla-2010.pdf},
    category = {thesis},
  flammie = {spell-checking},
}

@InProceedings{pirinen2010finitestate,
    author = {Tommi A Pirinen and Krister Lindén},
    title = {Finite-State Spell-Checking with Weighted Language and Error Models},
    booktitle = {Proceedings of the Seventh SaLTMiL workshop on creation and
        use of basic lexical resources for less-resourced languagages},
    year = {2010},
    address = {Valletta, Malta},
    pages = {13--18},
    url = {http://siuc01.si.ehu.es/%7Ejipsagak/SALTMIL2010\_Proceedings.pdf},
    category = {thesis},
  flammie = {spell-checking},
}

@article{pirinen2010creating,
  title={Creating and Weighting {H}unspell Dictionaries as Finite-State Automata},
  author={Pirinen, T.A. and Lindén, K. and others},
  journal={Investigationes Linguisticae},
  volume={21},
  year={2010},
    category = {thesis},
  flammie = {spell-checking},
}

@inproceedings{pirinen2011modularisation,
    author = {Tommi A Pirinen},
    year = {2011},
    title = {Modularisation of {F}innish Finite-State Language
        Description—Towards Wide Collaboration in Open Source Development of
          Morphological Analyser},
    booktitle = { Proceedings of Nodalida},
   volume = {18},
   series = {NEALT proceedings},
   url = {http://www.helsinki.fi/\%7etapirine/publications/Pirinen-nodalida-2011-omorfi.pdf},
    category = {thesis},
  flammie = {spell-checking},
}

@article{pirinen2012compiling,
  title={Compiling {A}pertium morphological dictionaries with {HFST} and using
      them in {HFST} applications},
  author={Pirinen, T.A. and Tyers, F.M.},
  journal={Language Technology for Normalisation of Less-Resourced Languages},
  pages={25},
  year={2012},
    category = {thesis},
  flammie = {spell-checking},
}

@inproceedings{pirinen2012effects,
  author    = {Pirinen, Tommi A  and  Hardwick, Sam},
  title     = {Effect of Language and Error Models on Efficiency of 
      Finite-State Spell-Checking and Correction},
  booktitle = {Proceedings of the 10th International Workshop on Finite State
      Methods and Natural Language Processing},
  month     = {July},
  year      = {2012},
  address   = {Donostia--San Sebastián},
  publisher = {Association for Computational Linguistics},
  pages     = {1--9},
  url       = {http://www.aclweb.org/anthology/W12-6201},
    category = {thesis},
  flammie = {spell-checking},
}

@conference{pirinen2012improving,
    title = {Improving Finite-State Spell-Checker Suggestions with Part of Speech N-Grams},
    author = {Tommi Pirinen and Miikka Silfverberg and Krister Lindén},
    year = {2012},
    location = {Delhi, India},
    booktitle = {IJCLA},
    category = {thesis},
  flammie = {spell-checking},
}
@article{pirinen2013quality,
    title = {Quality and Speed Trade-Offs in Weighted Finite-State Spell-Checking},
    year = {forthcoming},
    author = {Tommi A Pirinen},
    journal = {presubmitted},
    note = {submitted},
    category = {thesis},
  flammie = {spell-checking},
}

@inproceedings{pirinen2015using,
  title={Using weighted finite state morphology with VISL CG-3-Some experiments
      with free open source Finnish resources},
  author={Pirinen, Tommi A},
  booktitle={Proceedings of the Workshop on “Constraint Grammar-methods, tools
      and applications” at NODALIDA 2015, May 11-13, 2015, Institute of the
        Lithuanian Language, Vilnius, Lithuania},
  number={113},
  pages={29--33},
  year={2015},
  organization={Link{\"o}ping University Electronic Press}
}

@inproceedings{pirinen2015omorfi,
  title={Omorfi—Free and open source morphological lexical database for Finnish},
  author={Pirinen, Tommi A},
  booktitle={Nordic Conference of Computational Linguistics NODALIDA 2015},
  pages={313},
  year={2015}
}

@article{omorfi,
  title={Development and Use of Computational Morphology of Finnish
      in the Open Source and Open Science Era:
        Notes on Experiences with Omorfi Development.},
  author={Pirinen, Tommi A},
  journal={SKY Journal of Linguistics},
  volume={28},
  year={2015}
}


@misc{pirinen2018rulebased,
    author = {Tommi A Pirinen},
    year = {2018},
    title = {Rule-based machine-translation between Finnish and German},
    booktitle = {DGfS 2018: 40. Jahrestagung der Deutschen Gesellschaft für
        Sprachwissenschaft},
    url =
      {https://www.dgfs2018.uni-stuttgart.de/DGfS\_2018\_booklet\_ONLINE\_FINAL.pdf},
    pages = {337}
}

@inproceedings{pirinen2019neural,
  title={Neural and rule-based Finnish NLP models---expectations, experiments and experiences},
  author={Pirinen, Tommi A},
  booktitle={Proceedings of the Fifth International Workshop on Computational Linguistics for Uralic Languages},
  pages={104--114},
  year={2019}
}


@inproceedings{pirinen2019workflows,
    title = {Workflows for kickstarting RBMT in virtually No-Resource
        Situation},
    author = {Pirinen, Tommi A},
    year = {2019},
    address = {Dublin, Ireland},
    booktitle = {Proceedings of The 2nd Workshop on Technologies for MT of 
        Low Resource Languages (LoResMT 2019)},
}

@inproceedings{pirinen2019building,
  title={Building minority dependency treebanks, dictionaries and
        computational grammars at the same time---an experiment in Karelian
        treebanking},
  author={Pirinen, Tommi A},
  booktitle={Proceedings of the Universal Dependencies Workshop 2019},
  year={2019},
  misc={(to appear)},
}



@techreport{pitkanen2006hunspell,
    author = {Harri Pitk\"{a}nen},
    title = {Hunspell-in Kes\"{a}koodi 2006: Final report},
    year = {2006},
    url = {http://www.puimula.org/htp/archive/kesakoodi2006-report.pdf},
    institution = {COSS.fi},
  flammie = {spell-checking},
}

@article{pollock1984automatic,
 author = {Pollock, Joseph J. and Zamora, Antonio},
 title = {Automatic spelling correction in scientific and scholarly text},
 journal = {Commun. ACM},
 issue_date = {April 1984},
 volume = {27},
 number = {4},
 month = apr,
 year = {1984},
 issn = {0001-0782},
 pages = {358--368},
 numpages = {11},
 url = {http://doi.acm.org/10.1145/358027.358048},
 doi = {10.1145/358027.358048},
 acmid = {358048},
 publisher = {ACM},
 address = {New York, NY, USA},
 keywords = {dictionary lookup, similarity keys, spelling correction},
  flammie = {spell-checking},
} 

@article{raviv1967decision,
  title={Decision making in Markov chains applied to the problem of pattern recognition},
  author={Raviv, J.},
  journal={Information Theory, IEEE Transactions on},
  volume={13},
  number={4},
  pages={536--551},
  year={1967},
  publisher={IEEE},
  flammie = {spell-checking},
}

@article{ristad1998learning,
  title={Learning string-edit distance},
  author={Ristad, E.S. and Yianilos, P.N.},
  journal={Pattern Analysis and Machine Intelligence, IEEE Transactions on},
  volume={20},
  number={5},
  pages={522--532},
  year={1998},
  publisher={IEEE},
  flammie = {spell-checking},
}

@article{rojas2005construccion,
  title={Construcción y minimización eficiente de transductores de letras a partir de diccionarios con paradigmas},
  author={Rojas, Sergio Ortiz and Forcada, Mikel L and Sánchez, Gema Ramírez},
  journal={Procesamiento del lenguaje natural},
  volume={35},
  pages={51--57},
  year={2005},
}

@incollection{ruch2001using,
    author = {Ruch, Patrick and Baud, Robert and Geissbühler, Antoine and
        Lovis, Christian and Rassinoux, Anne-Marie and Rivière, Alain},
    affiliation = {University Hospital of Geneva Medical Informatics Division Geneva},
    title = {Using Part-of-Speech and Word-Sense Disambiguation for Boosting
        String-Edit Distance Spelling Correction},
    booktitle = {Artificial Intelligence in Medicine},
    series = {Lecture Notes in Computer Science},
    editor = {Quaglini, Silvana and Barahona, Pedro and Andreassen, Steen},
    publisher = {Springer Berlin / Heidelberg},
    isbn = {},
    pages = {249-257},
    volume = {2101},
    url = {http://dx.doi.org/10.1007/3-540-48229-6\_36},
    note = {10.1007/3-540-48229-6\_36},
    year = {2001},
}

@inproceedings{rueter2018towards,
  title={Towards an open-source universal-dependency treebank for Erzya},
  author={Rueter, Jack and Tyers, Francis},
  booktitle={Proceedings of the Fourth International Workshop on Computational Linguistics of Uralic Languages},
  pages={106--118},
  year={2018}
}

@inproceedings{rueter2020fst,
  title={FST Morphology for the Endangered {S}kolt {S}ami Language},
  author={Rueter, Jack and H{\"a}m{\"a}l{\"a}inen, Mika},
  booktitle={Proceedings of the 1st Joint Workshop on Spoken Language
      Technologies for Under-resourced languages (SLTU) and Collaboration and
        Computing for Under-Resourced Languages (CCURL)},
  pages={250--257},
  year={2020}
}



@article{russell1918soundex,
  title={Soundex},
  author={Russell, R. and Odell, M.},
  journal={US Patent},
  volume={1261167},
  year={1918},
}

@article{SanchezMartinez2008hidden,
 author = {S\'{a}nchez-Mart\'{\i}nez, Felipe and P{\'e}rez-Ortiz, Juan Antonio
     and Forcada, Mikel L.},
 title = {Using {T}arget-language {I}nformation to {T}rain {P}art-of-speech
       {T}aggers for {M}achine {T}ranslation},
 journal = {Machine Translation},
 issue_date = {March     2008},
 volume = {22},
 number = {1-2},
 month = mar,
 year = {2008},
 issn = {0922-6567},
 pages = {29--66},
 numpages = {38},
 url = {http://dx.doi.org/10.1007/s10590-008-9044-3},
 doi = {10.1007/s10590-008-9044-3},
 acmid = {1484980},
 publisher = {Kluwer Academic Publishers},
 address = {Hingham, MA, USA},
 keywords = {Hidden Markov models, Language modeling, Part-of-speech tagging,
     Rule-based machine translation},
}


@article{schiller2006german,
  title={German compound analysis with wfsc},
  author={Schiller, A.},
  journal={Finite-State Methods and Natural Language Processing},
  pages={239--246},
  year={2006},
  publisher={Springer},
}

@article{schmid2006programming,
  title={A programming language for finite state transducers},
  author={Schmid, H.},
  journal={Lecture notes in computer science},
  volume={4002},
  pages={308},
  year={2006},
  publisher={Citeseer},
}

@ARTICLE{schulz2002fast,
    author = {Klaus Schulz and Stoyan Mihov},
    title = {Fast String Correction with Levenshtein-Automata},
    journal = {International Journal of Document Analysis and Recognition},
    year = {2002},
    volume = {5},
    pages = {67--85},
  flammie = {spell-checking},
}

@proceedings{sfcm2009,
    editor = {Cerstin Mahlow and Michael Piotrowski},
    title = {Workshop on Systems and Frameworks for Computational Morphology,
      SFCM 2009, Zürich, Switzerland, September 2009, Proceedings},
    booktitle = {State of the Art in Computational Morphology},
    publisher = {Springer},
    series = {Lecture Notes in Computer Science},
    volume = {41},
    year = {2009},
    isbn = {978-3-642-04130-3},
}

@article{sfst,
    crossref = {schmid2006programming},
}

@article{shannon1948mathematical,
  title={A mathematical theory of communications, I and II},
  author={Shannon, C.E.},
  journal={Bell Syst. Tech. J},
  volume={27},
  pages={379--423},
  year={1948},
  flammie = {spell-checking},
}

@inproceedings{shen2016role,
    title = "The {R}ole of {C}ontext in {N}eural {M}orphological {D}isambiguation",
    author = "Shen, Qinlan  and
      Clothiaux, Daniel  and
      Tagtow, Emily  and
      Littell, Patrick  and
      Dyer, Chris",
    booktitle = "Proceedings of {COLING} 2016, the 26th International
      Conference on Computational Linguistics: Technical Papers",
    month = dec,
    year = "2016",
    address = "Osaka, Japan",
    publisher = "The COLING 2016 Organizing Committee",
    url = "https://www.aclweb.org/anthology/C16-1018",
    pages = "181--191",
}


@inproceedings{sheyanova2017annotation,
    author = {Mariya Sheyanova and Francis M. Tyers},
    title = {Annotation schemes in North Sámi dependency parsing},
    booktitle = {Proceedings of the 3rd International Workshop for 
        Computational Linguistics of Uralic Languages},
    pages = {66--75},
    year = 2017,
}

@PhdThesis{siivola2007language,
    Author = {Vesa Siivola},
    School = {Helsinki University of Technology},
    Title = {Language Models for Automatic Speech Recognition: Construction and Complexity Control},
    Year = {2007},
}

@Inproceedings{silfverberg2009hfst,
    Author = {Miikka Silfverberg and Krister Lindén},
    Booktitle = {FSMNLP 2009},
    Crossref = {fsmnlp2009},
    Title = {HFST Runtime Format---A Compacted Transducer Format Allowing for Fast Lookup},
    URL = {http://www.ling.helsinki.fi/klinden/pubs/fsmnlp2009runtime.pdf},
    Year = {2009},
}

@inproceedings{silfverberg2010partofspeech,
    author = {Miikka Silfverberg and Krister Lindén},
    year = {2010},
    title = {Part-of-Speech Tagging Using Parallel Weighted Finite-State Transducers},
    booktitle = {Advances in Natural Language Processing --- Proceedigns of the 7th International Conference on NLP, IceTAL 2010},
    address = {Reykjavik, Iceland},
    pages = {369--381},
    editor = {Hrafn Loftsson and Eiríkur Rögnvaldsson and Sigrún Helgadóttir},
    volume = {6233},
    isbn = {978-3-642-14769-2},
}

@inproceedings{sjobergh2004finding,
    author = {Jonas Sjöbergh and Viggo Kann},
    year = {2004},
    title = {Finding the Correct Interpretation of {Swedish} Compounds -- a Statistical Approach},
    crossref = {lrec2004},
    pages = {899--902},
  flammie = {spell-checking},
}

@inproceedings{stolcke2002srilm,
  title={SRILM-an extensible language modeling toolkit},
  author={Stolcke, Andreas and others},
  booktitle={Proceedings of the international conference on spoken language processing},
  volume={2},
  pages={901--904},
  year={2002},
}

@inproceedings{strubell2019energy,
    title = "Energy and Policy Considerations for Deep Learning in {NLP}",
    author = "Strubell, Emma  and
      Ganesh, Ananya  and
      McCallum, Andrew",
    booktitle = "Proceedings of the 57th Conference of the Association for Computational Linguistics",
    month = jul,
    year = "2019",
    address = "Florence, Italy",
    publisher = "Association for Computational Linguistics",
    url = "https://www.aclweb.org/anthology/P19-1355",
    pages = "3645--3650",
}



@inproceedings{tron2005hunmorph,
  title={Hunmorph: open source word analysis},
  author={Trón, V. and Kornai, A. and Gyepesi, G. and Németh, L. and Halácsy, P. and Varga, D.},
  booktitle={Proceedings of the Workshop on Software},
  pages={77--85},
  year={2005},
  organization={Association for Computational Linguistics},
}

@incollection{trosterud2021soft,
    title = "Soft on errors? The correcting mechanism of a {S}kolt {S}ami speller",
    author = "Trosterud, Trond and Moshagen, Sjur",
    year = "2021",
    language = "English",
    pages = "197-207",
    editor = "Mika H{\"a}m{\"a}l{\"a}inen and Niko Partanen and Khalid Alnajjar",
    booktitle = "Multilingual Facilitation",
    publisher = "Rootroo Ltd",
}

@inproceedings{trosterud2004porting,
  title={Porting morphological analysis and disambiguation to new languages},
  author={Trosterud, Trond},
  booktitle={SALTMIL Workshop at LREC 2004: First Steps in Language Documentation for Minority Languages},
  pages={90--92},
  year={2004},
  organization={Citeseer}
}



@article{tyers2012flexible,
  title={Flexible finite-state lexical selection for rule-based machine translation},
  author={Tyers, Francis M and S{\'a}nchez-Mart{\'\i}nez, Felipe and Forcada, Mikel L and others},
  year={2012},
  publisher={European Association for Machine Translation}
}

@inproceedings{tyers-sheyanova-2017-annotation,
    title = "Annotation schemes in {N}orth {S}{\'a}mi dependency parsing",
    author = "Tyers, Francis M.  and
      Sheyanova, Mariya",
    booktitle = "Proceedings of the Third Workshop on Computational Linguistics for Uralic Languages",
    month = jan,
    year = "2017",
    address = "St. Petersburg, Russia",
    publisher = "Association for Computational Linguistics",
    url = "https://www.aclweb.org/anthology/W17-0607",
    doi = "10.18653/v1/W17-0607",
    pages = "66--75",
}

@inproceedings{UiDhonnchadha2006partofspeech,
    title = "A {P}art-of-speech {T}agger for {I}rish {U}sing {F}inite-State
      {M}orphology and {C}onstraint {G}rammar {D}isambiguation",
    author = "U{\'\i} Dhonnchadha, E.  and
      Van Genabith, J.",
    booktitle = "Proceedings of the Fifth International Conference on Language
      Resources and Evaluation ({LREC}{'}06)",
    month = may,
    year = "2006",
    address = "Genoa, Italy",
    publisher = "European Language Resources Association (ELRA)",
    url = "http://www.lrec-conf.org/proceedings/lrec2006/pdf/193_pdf.pdf",
}



@inproceedings{Velldal2017word,
  author = {Fares, Murhaf and Kutuzov, Andrey and Oepen, Stephan and Velldal,
      Erik},
  institution = {Language Technology Group, Department of Informatics,
      University of Oslo, Norway},
  booktitle = {Proceedings of the 21st Nordic Conference on Computational
      Linguistics, NoDaLiDa, 22-24 May 2017, Gothenburg, Sweden},
  number = {131},
  pages = {271-276},
  publisher = {Linköping University Electronic Press, Linköpings universitet},
  title = {Word {V}ectors, {R}euse, and {R}eplicability: {T}owards a
        {C}ommunity {R}epository of {L}arge-text {R}esources},
  year = {2017},
  issn = {1650-3740},
  keywords = {},
}



@article{verberne2002context,
  title={Context-sensitive spell checking based on word trigram probabilities},
  author={Verberne, S.},
  journal={Master's thesis, University of Nijmegen, February-August},
  year={2002},
}

@article{vincze2010hungarian,
  title={Hungarian dependency treebank},
  author={Vincze, Veronika and Szauter, D{\'o}ra and Alm{\'a}si, Attila and
      M{\'o}ra, Gy{\"o}rgy and Alexin, Zolt{\'a}n and Csirik, J{\'a}nos},
  year={2010},
  publisher={European Language Resources Association}
}


@book{visk,
    crossref = {hakulinen2008iso},
}

@inproceedings{voutilainen2012specifying,
  title={Specifying treebanks, outsourcing parsebanks: Finntreebank 3},
  author={Voutilainen, Atro and Muhonen, Kristiina and Purtonen, Tanja
      Katariina and Lind{\'e}n, Krister and others},
  booktitle={Proceedings of LREC 2012 8th ELRA Conference on Language Resources
      and Evaluation},
  year={2012},
  organization={European Language Resources Association (ELRA)}
}


@inproceedings{wang2016character,
  title={Character: Translation edit rate on character level},
  author={Wang, Weiyue and Peter, Jan-Thorsten and Rosendahl, Hendrik and Ney, Hermann},
  booktitle={Proceedings of the First Conference on Machine Translation: Volume 2, Shared Task Papers},
  volume={2},
  pages={505--510},
  year={2016}
}

@inproceedings{washington2014finite,
    title = "Finite-state morphological transducers for three Kypchak languages",
    author = "Washington, Jonathan  and
      Salimzyanov, Ilnar  and
      Tyers, Francis",
    booktitle = "Proceedings of the Ninth International Conference on Language Resources and Evaluation ({LREC}{'}14)",
    month = may,
    year = "2014",
    address = "Reykjavik, Iceland",
    publisher = "European Language Resources Association (ELRA)",
    url = "http://www.lrec-conf.org/proceedings/lrec2014/pdf/1207_Paper.pdf",
    pages = "3378--3385",
}


@article{watson2003new,
  title={A new algorithm for the construction of minimal acyclic DFAs},
  author={Watson, B.W.},
  journal={Science of Computer Programming},
  volume={48},
  number={2},
  pages={81--97},
  year={2003},
  publisher={Elsevier},
}

@INPROCEEDINGS{Webb1993learning,
    author = {Geoffrey Webb},
    title = {Learning {D}ecision {L}ists by {P}repending {I}nferred {R}ules.},
    booktitle = {In Proceedings of the Australian Workshop on Machine Learning and Hybrid Systems},
    year = {1993},
    pages = {6--10}
}

@InProceedings{Wiechetek2012constraint,
  author = {Linda Wiechetek},
  title = {{Constraint Grammar} based correction of grammatical errors for {North Sámi}},
  booktitle = {Proceedings of the Workshop on Language Technology for
      Normalisation of Less-Resourced Languages (SALTMIL 8/AFLAT 2012)},
  year = {2012},
  month = {may},
  date = {22},
  address = {Istanbul, Turkey},
  editor = {G. De Pauw and G-M de Schryver and M.L. Forcada and K. Sarasola and
      F.M. Tyers and P.W. Wagacha},
  publisher = {European Language Resources Association (ELRA)},
  pages = {35--40},
 }

@phdthesis{Wiechetek2017when,
author = {Linda Wiechetek},
title = {When grammar can't be trusted -- Valency and semantic categories in
    North Sámi syntactic analysis and error detection},
year = {2017},
type = {{PhD} Thesis},
school = {UiT The Arctic University of Norway},
}

@inproceedings{wiechetek2019seeing,
  title={Seeing more than whitespace—Tokenisation and disambiguation in a North
        {S}{\'a}mi grammar checker},
  author={Wiechetek, Linda and Moshagen, Sjur and Unhammer, Kevin Brubeck},
  booktitle={Proceedings of the 3rd Workshop on the Use of Computational
      Methods in the Study of Endangered Languages Volume 1 (Papers)},
  pages={46--55},
  year={2019}
}

@inproceedings{wiechetek-etal-2019-seeing,
    title = "Seeing more than whitespace {---} Tokenisation and disambiguation
      in a {N}orth {S}{\'a}mi grammar checker",
    author = "Wiechetek, Linda  and
      Moshagen, Sjur N{\o}rsteb{\o}  and
      Unhammer, Kevin Brubeck",
    booktitle = "Proceedings of the 3rd Workshop on the Use of Computational
      Methods in the Study of Endangered Languages Volume 1 (Papers)",
    month = feb,
    year = "2019",
    address = "Honolulu",
    publisher = "Association for Computational Linguistics",
    url = "https://www.aclweb.org/anthology/W19-6007",
    pages = "46--55",
}

@inproceedings{wiechetek-etal-2019-end,
    title = "Is this the end? Two-step tokenization of sentence boundaries",
    author = "Wiechetek, Linda  and
      Moshagen, Sjur N{\o}rsteb{\o}  and
      Omma, Thomas",
    booktitle = "Proceedings of the Fifth International Workshop on
      Computational Linguistics for Uralic Languages",
    month = jan,
    year = "2019",
    address = "Tartu, Estonia",
    publisher = "Association for Computational Linguistics",
    url = "https://www.aclweb.org/anthology/W19-0312",
    doi = "10.18653/v1/W19-0312",
    pages = "141--153",
}

@inproceedings{wilcox-ohearn2008realword,
    author = {L. Amber Wilcox-O'Hearn and
               Graeme Hirst and
               Alexander Budanitsky},
    title = {Real-Word Spelling Correction with Trigrams: A Reconsideration
               of the Mays, Damerau, and Mercer Model},
    booktitle = {CICLing},
    year = {2008},
    pages = {605-616},
    ee = {http://dx.doi.org/10.1007/978-3-540-78135-6\_52},
    crossref = {cicling2008},
    bibsource = {DBLP, http://dblp.uni-trier.de},
}

@article{wintner2008strengths,
    author = {Wintner, Shuly},
    title = {Strengths and weaknesses of finite-state technology: A case study in morphological grammar development},
    journal = {Nat. Lang. Eng.},
    volume = {14},
    issue = {4},
    month = {October},
    year = {2008},
    issn = {1351-3249},
    pages = {457--469},
    numpages = {13},
    url = {http://portal.acm.org/citation.cfm?id=1520025.1520027},
    doi = {10.1017/S1351324907004676},
    acmid = {1520027},
    publisher = {Cambridge University Press},
    address = {New York, NY, USA},
}

@InProceedings{wmt2018findings,
  author = 	"Bojar, Ond{\v{r}}ej
		and Federmann, Christian
		and Fishel, Mark
		and Graham, Yvette
		and Haddow, Barry
		and Koehn, Philipp
		and Monz, Christof",
  title = 	"Findings of the 2018 Conference on Machine Translation (WMT18)",
  booktitle = 	"Proceedings of the Third Conference on Machine Translation:
    Shared Task Papers",
  year = 	"2018",
  publisher = 	"Association for Computational Linguistics",
  pages = 	"272--303",
  location = 	"Belgium, Brussels",
  url = 	"http://aclweb.org/anthology/W18-6401"
}


@article{yannakoudakis1983intelligent,
    title={An intelligent spelling error corrector},
    volume={19},
    url={http://linkinghub.elsevier.com/retrieve/pii/0306457383900468},
    number={2},
    journal={Information Processing and Management},
    publisher={Elsevier},
    author={Yannakoudakis, E J and Fawthrop, D},
    year={1983},
    pages={101--108},
}

@article{yli2005toward,
  title={Toward a widely usable finite-state morphology workbench for less
      studied languages, 1: Desiderata},
  author={Yli-Jyr{\"a}, Anssi and others},
  journal={Nordic Journal of African Studies},
  year={2005},
}

@inproceedings{Yuret2006learning,
 author = {Yuret, Deniz and T\"{u}re, Ferhan},
 title = {Learning {M}orphological {D}isambiguation {R}ules for {T}urkish},
 booktitle = {Proceedings of the Main Conference on Human Language Technology
     Conference of the North American Chapter of the Association of
       Computational Linguistics},
 series = {HLT-NAACL '06},
 year = {2006},
 location = {New York, New York},
 pages = {328--334},
 numpages = {7},
 url = {https://doi.org/10.3115/1220835.1220877},
 doi = {10.3115/1220835.1220877},
 acmid = {1220877},
 publisher = {Association for Computational Linguistics},
 address = {Stroudsburg, PA, USA},
} 


@book{zaikov2013vienankarjalan,
  title={Vienankarjalan kielioppi},
  subtitle={Lis{\"a}n{\"a} harjotuk{\v{s}}ie ta lukemisto},
  author={Zaikov, Pekka},
  year={2013}
}






@inproceedings{kunchukuttan2014tuning,
  title={Tuning a grammar correction system for increased precision},
  author={Kunchukuttan, Anoop and Chaudhury, Sriram and Bhattacharyya, Pushpak},
  booktitle={Proceedings of the Eighteenth Conference on Computational Natural Language Learning: Shared Task},
  pages={60--64},
  year={2014}
}














# unsorted: 

@inproceedings{behera2013automated,
  title={Automated grammar correction using hierarchical phrase-based
      statistical machine translation},
  author={Behera, Bibek and Bhattacharyya, Pushpak},
  booktitle={Proceedings of the Sixth International Joint Conference on Natural
      Language Processing},
  pages={937--941},
  year={2013}
}

@inproceedings{deksne2019bidirectional,
  title={Bidirectional LSTM tagger for Latvian grammatical error detection},
  author={Deksne, Daiga},
  booktitle={International Conference on Text, Speech, and Dialogue},
  pages={58--68},
  year={2019},
  organization={Springer}
}


@article{hochreiter1997long,
  title={Long short-term memory},
  author={Hochreiter, Sepp and Schmidhuber, J{\"u}rgen},
  journal={Neural computation},
  volume={9},
  number={8},
  pages={1735--1780},
  year={1997},
  publisher={MIT Press}
}

@inproceedings{omelianchuk2020gector,
  title={GECToR--Grammatical Error Correction: Tag, Not Rewrite},
  author={Omelianchuk, Kostiantyn and Atrasevych, Vitaliy and Chernodub, Artem and Skurzhanskyi, Oleksandr},
  booktitle={Proceedings of the Fifteenth Workshop on Innovative Use of NLP for Building Educational Applications},
  pages={163--170},
  year={2020}
}

@article{schuster1997bidirectional,
  title={Bidirectional recurrent neural networks},
  author={Schuster, Mike and Paliwal, Kuldip K},
  journal={IEEE transactions on Signal Processing},
  volume={45},
  number={11},
  pages={2673--2681},
  year={1997},
  publisher={Ieee}
}

@inproceedings{hamalainen2019revisiting,
  title={Revisiting NMT for Normalization of Early {E}nglish Letters},
  author={H{\"a}m{\"a}l{\"a}inen, Mika and S{\"a}ily, Tanja and Rueter, Jack and Tiedemann, J{\"o}rg and M
{\"a}kel{\"a}, Eetu},
  booktitle={Proceedings of the 3rd Joint SIGHUM Workshop on Computational Linguistics for Cultural Herita
ge, Social Sciences, Humanities and Literature},
  pages={71--75},
  year={2019}
}

@inproceedings{hoang2016exploiting,
  title={Exploiting N-best hypotheses to improve an SMT approach to grammatical error correction},
  author={Hoang, Duc Tam and Chollampatt, Shamil and Ng, Hwee Tou},
  booktitle={Proceedings of the Twenty-Fifth International Joint Conference on Artificial Intelligence},
  pages={2803--2809},
  year={2016}
}

@inproceedings{kantor2019learning,
  title={Learning to combine Grammatical Error Corrections},
  author={Kantor, Yoav and Katz, Yoav and Choshen, Leshem and Cohen-Karlik, Edo
      and Liberman, Naftali and Toledo, Assaf and Menczel, Amir and Slonim,
      Noam},
  booktitle={Proceedings of the Fourteenth Workshop on Innovative Use of NLP
      for Building Educational Applications},
  pages={139--148},
  year={2019}
}

@inproceedings{huang2016bi,
  title={Bi-LSTM neural networks for Chinese grammatical error diagnosis},
  author={Huang, Shen and Wang, Houfeng},
  booktitle={Proceedings of the 3rd Workshop on Natural Language Processing Techniques for Educational App
lications (NLPTEA2016)},
  pages={148--154},
  year={2016}
}

@inproceedings{jahan2021bangla,
  title={Bangla Real-Word Error Detection and Correction Using Bidirectional
      LSTM and Bigram Hybrid Model},
  author={Jahan, Mir Noshin and Sarker, Anik and Tanchangya, Shubra and Yousuf,
      Mohammad Abu},
  booktitle={Proceedings of International Conference on Trends in Computational
      and Cognitive Engineering},
  pages={3--13},
  year={2021},
  organization={Springer}
}

@inproceedings{ge2019automatic,
  title={Automatic grammatical error correction for sequence-to-sequence text
      generation: An empirical study},
  author={Ge, Tao and Zhang, Xingxing and Wei, Furu and Zhou, Ming},
  booktitle={Proceedings of the 57th Annual Meeting of the Association for
      Computational Linguistics},
  pages={6059--6064},
  year={2019}
}

@inproceedings{yuan2016grammatical,
  title={Grammatical error correction using neural machine translation},
  author={Yuan, Zheng and Briscoe, Ted},
  booktitle={Proceedings of the 2016 Conference of the North American Chapter
      of the Association for Computational Linguistics: Human Language
        Technologies},
  pages={380--386},
  year={2016}
}

@inproceedings{rei-yannakoudakis-2016-compositional,
    title = "Compositional Sequence Labeling Models for Error Detection in
      Learner Writing",
    author = "Rei, Marek  and
      Yannakoudakis, Helen",
    booktitle = "Proceedings of the 54th Annual Meeting of the Association for
      Computational Linguistics (Volume 1: Long Papers)",
    month = aug,
    year = "2016",
    address = "Berlin, Germany",
    publisher = "Association for Computational Linguistics",
    url = "https://www.aclweb.org/anthology/P16-1112",
    doi = "10.18653/v1/P16-1112",
    pages = "1181--1191",
}

@misc{sikor_06.11.2018,
  author = {{SIKOR}},
  title = {{SIKOR} UiT Norgga árktalaš universitehta ja Norgga Sámedikki sámi
      teakstačoakkáldat, Veršuvdna 06.11.2018},
  howpublished = {online},
  year = 2018,
  note = {Accessed: 2018-11-06},
  url = {...},
}

@article{uralicnlp, 
    title={{UralicNLP}: An {NLP} Library for {U}ralic Languages},
    DOI={10.21105/joss.01345}, 
    journal={Journal of Open Source Software}, 
    author={Mika Hämäläinen}, 
    year={2019}, 
    volume={4},
    number={37},
    pages={1345}
}

@inproceedings{partanen-etal-2019-dialect,
    title = "Dialect Text Normalization to Normative Standard {F}innish",
    author = {Partanen, Niko  and
      H{\"a}m{\"a}l{\"a}inen, Mika  and
      Alnajjar, Khalid},
    booktitle = "Proceedings of the 5th Workshop on Noisy User-generated Text (W-NUT 2019)",
    month = nov,
    year = "2019",
    address = "Hong Kong, China",
    publisher = "Association for Computational Linguistics",
    url = "https://www.aclweb.org/anthology/D19-5519",
    doi = "10.18653/v1/D19-5519",
    pages = "141--146",
}
